@Book{rao:2008,
	author = {Singiresu S. Rao},
	title = {Vibrações mecânicas},
	publisher = {Pearson Prentice Hall},
	year = {2008},
	address = {São Paulo},
	edition = {4},
}

@Article{cooley:1965,
	author = {James W. Cooley and John W. Tukey},
	title = {{A}n {A}lgorithm for the {M}achine {C}alculation of the {C}omplex {F}ourier {S}eries},
	journal = {Mathematics of Computation},
	year = {1965},
	volume = {19},
	number = {90},
	pages = {297-301},
	month = {Apr.},
}